<record><leader>00000cas a22000007a 4500</leader><controlfield tag="001">16632072</controlfield><controlfield tag="008">870902d193419uuohuwn ne      0    0eng d</controlfield><datafield ind1=" " ind2=" " tag="010"><subfield code="a">sn 87076512 </subfield></datafield><datafield ind1=" " ind2=" " tag="040"><subfield code="a">ONP</subfield><subfield code="b">eng</subfield><subfield code="c">ONP</subfield><subfield code="d">OCLCQ</subfield></datafield><datafield ind1=" " ind2=" " tag="042"><subfield code="a">msc</subfield></datafield><datafield ind1="0" ind2=" " tag="130"><subfield code="a">Lake front news (Sandusky, Ohio)</subfield></datafield><datafield ind1="1" ind2="0" tag="245"><subfield code="a">Lake front news.</subfield></datafield><datafield ind1=" " ind2=" " tag="260"><subfield code="a">Sandusky, Ohio :</subfield><subfield code="b">B.P. Shimansky</subfield></datafield><datafield ind1=" " ind2=" " tag="310"><subfield code="a">Weekly</subfield></datafield><datafield ind1="1" ind2=" " tag="362"><subfield code="a">Began in 1934?</subfield></datafield><datafield ind1=" " ind2=" " tag="500"><subfield code="a">Published during summer months.</subfield></datafield><datafield ind1=" " ind2=" " tag="500"><subfield code="a">Published in Castalia after 1960.</subfield></datafield><datafield ind1=" " ind2=" " tag="588"><subfield code="a">Description based on: Vol. 24, no. 1 (July 6, 1957).</subfield></datafield><datafield ind1=" " ind2=" " tag="752"><subfield code="a">United States</subfield><subfield code="b">Ohio</subfield><subfield code="c">Erie</subfield><subfield code="d">Sandusky.</subfield></datafield><datafield ind1=" " ind2=" " tag="752"><subfield code="a">United States</subfield><subfield code="b">Ohio</subfield><subfield code="c">Erie</subfield><subfield code="d">Castalia.</subfield></datafield></record>